@unpublished {github,
    title = "Source files for this project",
    author = "Haugvaldstad, O. and Gallefoss, E.",
    url = "https://github.com/Ovewh/Computilus/tree/master/Project2",
}

@unpublished {lectures,
    title = "Computational physics, lecture notes fall 2015",
    author = "Hjort-Jensen, H.",
    url="https://github.com/CompPhysics/ComputationalPhysics/blob/master/doc/Lectures/lectures2015.pdf",
}
