@unpublished{tridia,
    title = "Tridiagonal Matrices: Thomas Algorithm",
    author = "W. T. Lee ",
    addendum = "(accessed: 07.09.2019)",
    url = "http://www.industrial-maths.com/ms6021_thomas.pdf",
    institution = "University of Limerick"

}
@online{sleipner_failure,
    author = "Douglas N. Arnold",
    title = "The sinking of the Sleipner A offshore platform",
    url = "http://www-users.math.umn.edu/~arnold//disasters/sleipner.html",
    addendum = "(accessed: 01.09.2019)"

}
@online {mathexh,
    author = "Brian M. Scott",
    title = "Second derivative formula derivation",
    url = "https://math.stackexchange.com/q/210269",
    addendum = "(accessed: 05.09.2019)"
}


@unpublished {github,
    title = "Source files for this project",
    author = "Haugvaldstad, O. and Gallefoss, E.",
    url = "https://github.com/Ovewh/Computilus/tree/master/Project1",
}
