@article {Rossby1939,
    title = "On the mutual adjustment of pressure and velocity distributions in 
    certain simple current systems",
    author = "Rossby, Carl Gustav",
    year = "1939",
    url =
    "http://peabody.yale.edu/sites/default/files/documents/scientific-publications/jmr01-03-05CGROSSBY-2.pdf",
    journal = "Journal of marine research"
    }