@unpublished {github,
    title = "Source files for this project",
    author = "Haugvaldstad, O. and Gallefoss, E.",
    url = "https://github.com/Ovewh/Computilus/tree/master/Project4",
    year="2019"
}

@unpublished {lectures,
    title = "Computational physics, lecture notes fall 2015",
    author = "Hjort-Jensen, M.",
    url="https://github.com/CompPhysics/ComputationalPhysics/blob/master/doc/Lectures/lectures2015.pdf",
    year="2015"
}

@unpublished {P3,
    title = "Solving multidimensional Integrals using Monte Carlo Integration",
    author = "Haugvaldstad, O. and Gallefoss, E.",
    url = "https://github.com/Ovewh/Computilus/blob/master/Project3/project3.pdf",
    year="2019"
}
